
@inproceedings{cam,
    author    = {Zhou, Bolei and Khosla, Aditya and Lapedriza, Agata and Oliva, Aude and Torralba, Antonio},
    title     = {Learning Deep Features for Discriminative Localization},
    booktitle = {Computer Vision and Pattern Recognition},
    year      = {2016}
}

@article{imagenet,
  title = {FPGA-Based Accelerators of Deep Learning Networks for Learning and Classification: A Review},
  author = {Shawahna, Ahmad and Sait, Sadiq and El-Maleh, Aiman},
  journal = {IEEE Access},
  year = {2018},
  month = {12},
  pages = {1-1},
  volume = {PP},
  doi = {10.1109/ACCESS.2018.2890150}
}

@article{netflix ,
  title={Netflix now has nearly 270 million subscribers after another strong showing to begin 2024},
  author={Liedtke, Michael},
  journal={The Washington Post},
  year={2024},
  month={April},
  day={18},
  url={https://www.washingtonpost.com/business/2024/04/18/netflix-subscribers-first-quarter-earnings-2024/55fdaa4a-fdc4-11ee-87ac-20f7e67cbe29_story.html},
  note={Accessed: 2024-04-25}
}

@misc{spotify,
  title={Company Info},
  author={Spotify},
  year={2023},
  howpublished={Spotify Newsroom},
  url={https://newsroom.spotify.com/company-info/},
  note={Accessed: 2023-04-25}
}

@article{alphago,
  title={Lee Sedol Has Beaten Google's AlphaGo For The First Time},
  author={Liptak, Andrew},
  journal={Gizmodo},
  year={2016},
  month={March},
  day={13},
  url={https://gizmodo.com/lee-sedol-has-beaten-googles-alphago-for-the-first-time-1764609632},
  note={Accessed: 2023-04-25}
}

@incollection{alexnet,
  added-at = {2016-11-14T12:05:24.000+0100},
  author = {Krizhevsky, Alex and Sutskever, Ilya and Hinton, Geoffrey E.},
  biburl = {https://www.bibsonomy.org/bibtex/2886c491fe45049fee3c9660df30bb5c4/albinzehe},
  booktitle = {Advances in Neural Information Processing Systems 25},
  editor = {Pereira, F. and Burges, C. J. C. and Bottou, L. and Weinberger, K. Q.},
  interhash = {74bbb5dea5afb1b088bd10e317f1f0d2},
  intrahash = {886c491fe45049fee3c9660df30bb5c4},
  keywords = {cnn deeplearning ma-zehe neuralnet},
  pages = {1097--1105},
  publisher = {Curran Associates, Inc.},
  timestamp = {2016-11-14T12:05:24.000+0100},
  title = {ImageNet Classification with Deep Convolutional Neural Networks},
  url = {http://papers.nips.cc/paper/4824-imagenet-classification-with-deep-convolutional-neural-networks.pdf},
  year = 2012
}

@article{gradcam,
  author       = {Ramprasaath R. Selvaraju and
                  Abhishek Das and
                  Ramakrishna Vedantam and
                  Michael Cogswell and
                  Devi Parikh and
                  Dhruv Batra},
  title        = {Grad-CAM: Why did you say that? Visual Explanations from Deep Networks
                  via Gradient-based Localization},
  journal      = {CoRR},
  volume       = {abs/1610.02391},
  year         = {2016},
  url          = {http://arxiv.org/abs/1610.02391},
  eprinttype    = {arXiv},
  eprint       = {1610.02391},
  timestamp    = {Mon, 13 Aug 2018 16:46:58 +0200},
  biburl       = {https://dblp.org/rec/journals/corr/SelvarajuDVCPB16.bib},
  bibsource    = {dblp computer science bibliography, https://dblp.org}
}

@article{cnn,
  title={Deep learning},
  author={LeCun, Yann and Bengio, Yoshua and Hinton, Geoffrey},
  journal={Nature},
  volume={521},
  number={7553},
  pages={436--444},
  year={2015},
  publisher={Nature Publishing Group},
  doi={10.1038/nature14539}
}

@article{lenet,
  author       = {Christian Szegedy and
                  Wei Liu and
                  Yangqing Jia and
                  Pierre Sermanet and
                  Scott E. Reed and
                  Dragomir Anguelov and
                  Dumitru Erhan and
                  Vincent Vanhoucke and
                  Andrew Rabinovich},
  title        = {Going Deeper with Convolutions},
  journal      = {CoRR},
  volume       = {abs/1409.4842},
  year         = {2014},
  url          = {http://arxiv.org/abs/1409.4842},
  eprinttype    = {arXiv},
  eprint       = {1409.4842},
  timestamp    = {Mon, 13 Aug 2018 16:48:52 +0200},
  biburl       = {https://dblp.org/rec/journals/corr/SzegedyLJSRAEVR14.bib},
  bibsource    = {dblp computer science bibliography, https://dblp.org}
}

@misc{resnet,
      title={Deep Residual Learning for Image Recognition}, 
      author={Kaiming He and Xiangyu Zhang and Shaoqing Ren and Jian Sun},
      year={2015},
      eprint={1512.03385},
      archivePrefix={arXiv},
      primaryClass={cs.CV}
}

@article{vit,
  author       = {Alexey Dosovitskiy and
                  Lucas Beyer and
                  Alexander Kolesnikov and
                  Dirk Weissenborn and
                  Xiaohua Zhai and
                  Thomas Unterthiner and
                  Mostafa Dehghani and
                  Matthias Minderer and
                  Georg Heigold and
                  Sylvain Gelly and
                  Jakob Uszkoreit and
                  Neil Houlsby},
  title        = {An Image is Worth 16x16 Words: Transformers for Image Recognition
                  at Scale},
  journal      = {CoRR},
  volume       = {abs/2010.11929},
  year         = {2020},
  url          = {https://arxiv.org/abs/2010.11929},
  eprinttype    = {arXiv},
  eprint       = {2010.11929},
  timestamp    = {Fri, 20 Nov 2020 14:04:05 +0100},
  biburl       = {https://dblp.org/rec/journals/corr/abs-2010-11929.bib},
  bibsource    = {dblp computer science bibliography, https://dblp.org}
}

@article{yolo,
  author       = {Joseph Redmon and
                  Santosh Kumar Divvala and
                  Ross B. Girshick and
                  Ali Farhadi},
  title        = {You Only Look Once: Unified, Real-Time Object Detection},
  journal      = {CoRR},
  volume       = {abs/1506.02640},
  year         = {2015},
  url          = {http://arxiv.org/abs/1506.02640},
  eprinttype    = {arXiv},
  eprint       = {1506.02640},
  timestamp    = {Mon, 13 Aug 2018 16:48:08 +0200},
  biburl       = {https://dblp.org/rec/journals/corr/RedmonDGF15.bib},
  bibsource    = {dblp computer science bibliography, https://dblp.org}
}

@article{osnet,
  author       = {Kaiyang Zhou and
                  Yongxin Yang and
                  Andrea Cavallaro and
                  Tao Xiang},
  title        = {Omni-Scale Feature Learning for Person Re-Identification},
  journal      = {CoRR},
  volume       = {abs/1905.00953},
  year         = {2019},
  url          = {http://arxiv.org/abs/1905.00953},
  eprinttype    = {arXiv},
  eprint       = {1905.00953},
  timestamp    = {Wed, 10 Jan 2024 18:05:26 +0100},
  biburl       = {https://dblp.org/rec/journals/corr/abs-1905-00953.bib},
  bibsource    = {dblp computer science bibliography, https://dblp.org}
}

@article{adversarial,
  author       = {Han Xu and
                  Yao Ma and
                  Haochen Liu and
                  Debayan Deb and
                  Hui Liu and
                  Jiliang Tang and
                  Anil K. Jain},
  title        = {Adversarial Attacks and Defenses in Images, Graphs and Text: {A} Review},
  journal      = {CoRR},
  volume       = {abs/1909.08072},
  year         = {2019},
  url          = {http://arxiv.org/abs/1909.08072},
  eprinttype    = {arXiv},
  eprint       = {1909.08072},
  timestamp    = {Mon, 24 Apr 2023 12:14:52 +0200},
  biburl       = {https://dblp.org/rec/journals/corr/abs-1909-08072.bib},
  bibsource    = {dblp computer science bibliography, https://dblp.org}
}

@misc{boston,
  title={Boston Housing Dataset},
  author={Harrison, David and Rubinfeld, Daniel L.},
  year={1978},
  howpublished={UCI Machine Learning Repository},
  url={https://archive.ics.uci.edu/ml/datasets/Housing},
  institution={University of California, Irvine, School of Information and Computer Sciences},
  doi={10.24432/C5K33J}
}

@article{sham2023ethical,
  title={Ethical AI in facial expression analysis: racial bias},
  author={Sham, AH and Aktas, K and Rizhinashvili, D and others},
  journal={SIViP},
  volume={17},
  pages={399--406},
  year={2023},
  publisher={Springer}
}

@misc{buolamwini2024examining,
  title={Examining Racial and Gender Bias in Facial Analysis Software},
  author={Buolamwini, Joy},
  howpublished={Google Arts and Culture, Barbican Centre},
  note={Accessed April 22, 2024},
  year={2024},
  url={https://artsandculture.google.com/story/joy-buolamwini-examining-racial-and-gender-bias-in-facial-analysis-software-barbican-centre/BQWBaNKAVWQPJg?hl=en}
}

@misc{taylor2020ai,
  title={AI Prediction Tools Claim to Alleviate an Overcrowded American Justice System. But Should They Be Used?},
  author={Taylor, Alexandra "Mac"},
  howpublished={Stanford Politics},
  year={2020},
  note={Accessed April 22, 2024},
  url={https://stanfordpolitics.org/2020/09/13/ai-prediction-tools-claim-to-alleviate-an-overcrowded-american-justice-system-but-should-they-be-used/}
}
@article{kleinberg2018human,
  title={Human decisions and machine predictions},
  author={Kleinberg, Jon and Lakkaraju, Himabindu and Leskovec, Jure and Ludwig, Jens and Mullainathan, Sendhil},
  journal={The Quarterly Journal of Economics},
  volume={133},
  number={1},
  pages={237--293},
  year={2018},
  publisher={Oxford University Press}
}
@misc{hao2019can,
title={Can you make AI fairer than a judge? Play our courtroom algorithm game},
author={Hao, Karen and Stray, Jonathan},
howpublished={MIT Technology Review},
year={2019},
note={Accessed April 22, 2024},
url={https://www.technologyreview.com/2019/10/17/75285/ai-fairer-than-judge-criminal-risk-assessment-algorithm/}
}
@misc{angwin2016machine,
title={Machine bias},
author={Angwin, Julia and Larson, Jeff and Mattu, Surya and Kirchner, Lauren},
howpublished={ProPublica},
year={2016},
note={Accessed April 22, 2024},
url={https://www.propublica.org/article/machine-bias-risk-assessments-in-criminal-sentencing}
}
@article{mayson2019bias,
title={Bias in, bias out},
author={Mayson, Sandra G},
journal={Yale LJ},
volume={128},
pages={2218},
year={2019},
publisher={HeinOnline}
}
@article{rudin2018age,
title={The age of secrecy and unfairness in recidivism prediction},
author={Rudin, Cynthia and Wang, Caroline and Coker, Beau},
journal={arXiv preprint arXiv:1811.00731},
year={2018},
note={Accessed April 22, 2024},
url={https://arxiv.org/pdf/1811.00731.pdf}
}
@article{juhn2022assessing,
title={Assessing socioeconomic bias in machine learning algorithms in health care: a case study of the HOUSES index},
author={Juhn, Young J and Ryu, Euijung and Wi, Chung-Il and King, Katherine S and Malik, Muhammed and Romero-Brufau, Santiago and Weng, Chunhua and Sohn, Sunghwan and Sharp, Richard R and Halamka, John D},
journal={Journal of the American Medical Informatics Association},
volume={29},
number={7},
pages={1142--1151},
year={2022},
publisher={Oxford University Press}
}
@misc{satariano2020british,
title={British Grading Debacle Shows Pitfalls of Automating Government},
author={Satariano, Adam},
howpublished={The New York Times},
year={2020},
url={https://www.nytimes.com/2020/08/20/world/europe/uk-england-grading-algorithm.html}
}
@misc{jones2020payday,
title={How payday lenders target consumers hurt by coronavirus},
author={Jones, Coulter and Eaglesham, Jean and Andriotis, AnnaMaria},
howpublished={The Wall Street Journal},
year={2020},
url={https://www.wsj.com/articles/how-payday-lenders-target-consumers-hurt-by-coronavirus-11591176601}
}
@techreport{senate2013review,
title={A review of the data broker industry: Collection, use, and sale of consumer data for marketing purposes},
author={{United States Senate Committee on Commerce, Science, and Transportation}},
year={2013},
institution={US Senate},
url={http://www.commerce.senate.gov/public/?a=Files.Serve&File_id=0d2b3642-6221-4888-a631-08f2f255b577}
}
@misc{angwin2015tiger,
title={The Tiger Mom Tax: Asians Are Nearly Twice as Likely to Get a Higher Price from Princeton Review},
author={Angwin, Julia and Mattu, Surya and Larson, Jeff},
howpublished={ProPublica},
year={2015},
url={https://www.propublica.org/article/asians-nearly-twice-as-likely-to-get-higher-price-from-princeton-review}
}
@misc{gilbert2023eeoc,
title={EEOC Settles First-of-Its-Kind AI Bias in Hiring Lawsuit},
author={Gilbert, Annelise},
howpublished={The Times},
year={2023},
url={https://news.bloomberglaw.com/daily-labor-report/eeoc-settles-first-of-its-kind-ai-bias-lawsuit-for-365-000}
}
@misc{laney2023ai,
title={AI Ethics Essentials: Lawsuit Over AI Denial of Healthcare},
author={Laney, Douglas B},
howpublished={Forbes},
year={2023},
url={https://www.forbes.com/sites/douglaslaney/2023/11/16/ai-ethics-essentials-lawsuit-over-ai-denial-of-healthcare/?sh=924df153ac68}
}
@misc{whitehouse2023fact,
title={FACT SHEET: President Biden Issues Executive Order on Safe, Secure, and Trustworthy Artificial Intelligence},
author={{White House}},
year={2023},
howpublished={White House Briefing Room},
url={https://www.whitehouse.gov/briefing-room/statements-releases/2023/10/30/fact-sheet-president-biden-issues-executive-order-on-safe-secure-and-trustworthy-artificial-intelligence/#:~:text=The%20Executive%20Order%20establishes%20new,around%20the%20world%2C%20and%20more.}
}
@misc{kestenbaum2023nyc,
title={NYC's New AI Bias Law Broadly Impacts Hiring and Requires Audits},
author={Kestenbaum, Jonathan},
howpublished={The New York Times},
year={2023},
url={https://news.bloomberglaw.com/us-law-week/nycs-new-ai-bias-law-broadly-impacts-hiring-and-requires-audits}
}
@misc{mims2024ai,
title={The AI Industry Is Steaming Toward A Legal Iceberg},
author={Mims, Christopher},
howpublished={The Wall Street Journal},
year={2024},
url={https://www.wsj.com/tech/ai/the-ai-industry-is-steaming-toward-a-legal-iceberg-5d9a6ac1}
}
@misc{ec2022artificial,
title={Artificial Intelligence Liability Directive (AILD)},
author={{European Commission}},
year={2022},
howpublished={European Parliament},
url={https://www.europarl.europa.eu/RegData/etudes/BRIE/2023/739342/EPRS_BRI(2023)739342_EN.pdf}
}
@article{bolukbasi2016man,
title={Man is to computer programmer as woman is to homemaker? debiasing word embeddings},
author={Bolukbasi, Tolga and Chang, Kai-Wei and Zou, James Y and Saligrama, Venkatesh and Kalai, Adam T},
journal={Advances in neural information processing systems},
volume={29},
year={2016},
url={https://arxiv.org/abs/1607.06520}
}
